<record><leader>00000cas a2200000 a 4500</leader><controlfield tag="001">11417549</controlfield><controlfield tag="008">841124d19591964hiuwx ne      0    0jpnrd</controlfield><datafield ind1=" " ind2=" " tag="010"><subfield code="a">sn 84045331 </subfield></datafield><datafield ind1=" " ind2=" " tag="040"><subfield code="a">HUH</subfield><subfield code="b">eng</subfield><subfield code="c">HUH</subfield><subfield code="d">HWN</subfield><subfield code="d">OCL</subfield><subfield code="d">OCLCF</subfield><subfield code="d">OCLCO</subfield></datafield><datafield ind1=" " ind2=" " tag="042"><subfield code="a">msc</subfield></datafield><datafield ind1=" " ind2=" " tag="043"><subfield code="a">n-us-hi</subfield></datafield><datafield ind1=" " ind2=" " tag="090"><subfield code="a">AN2</subfield><subfield code="b">.S59</subfield></datafield><datafield ind1="0" ind2="0" tag="245"><subfield code="a">Shu&#772;kan taimusu =</subfield><subfield code="b">Weekly times.</subfield></datafield><datafield ind1="1" ind2="1" tag="246"><subfield code="a">Weekly times</subfield></datafield><datafield ind1=" " ind2=" " tag="260"><subfield code="a">Honolulu, Hawaii :</subfield><subfield code="b">The Weekly Times,</subfield><subfield code="c">[1959-1964]</subfield></datafield><datafield ind1=" " ind2=" " tag="300"><subfield code="a">6 v. :</subfield><subfield code="b">ill. ;</subfield><subfield code="c">45 cm.</subfield></datafield><datafield ind1=" " ind2=" " tag="310"><subfield code="a">Weekly (varies)</subfield></datafield><datafield ind1="0" ind2=" " tag="362"><subfield code="a">Dai 1-go&#772; (1959-nen 4-gatsu mikka [Apr. 3, 1959])-dai 407 go&#772; (Aug. 28, 1664 [i.e. 1964]).</subfield></datafield><datafield ind1=" " ind2=" " tag="515"><subfield code="a">Dai 66-go&#772; (July 8, 1960)-dai 407 go&#772; (Aug. 28, 1964) called also v. 2, no. 28-v. 6, no. 31.</subfield></datafield><datafield ind1=" " ind2=" " tag="546"><subfield code="a">In Japanese.</subfield></datafield><datafield ind1=" " ind2=" " tag="500"><subfield code="a">Editor: Toshiaki Morita.</subfield></datafield><datafield ind1=" " ind2="0" tag="651"><subfield code="a">Hawaii</subfield><subfield code="v">Newspapers.</subfield></datafield><datafield ind1=" " ind2="7" tag="655"><subfield code="a">Newspapers.</subfield><subfield code="2">fast</subfield><subfield code="0">(OCoLC)fst01423814</subfield></datafield><datafield ind1=" " ind2="7" tag="651"><subfield code="a">Hawaii.</subfield><subfield code="2">fast</subfield><subfield code="0">(OCoLC)fst01208724</subfield></datafield><datafield ind1="1" ind2=" " tag="700"><subfield code="a">Morita, Toshiaki.</subfield></datafield><datafield ind1=" " ind2=" " tag="752"><subfield code="a">United States</subfield><subfield code="b">Hawaii</subfield><subfield code="c">Honolulu</subfield><subfield code="d">Honolulu.</subfield></datafield></record>